@book{Hinds-1986,
  address    = {London},
  author     = {Hinds, John},
  publisher  = {Croom Helm, Routledge},
  series     = {Croom Helm Descriptive Grammars},
  title      = {Japanese},
  volume     = {4},
  year       = {1986},
  iso_code   = {jpn},
  olac_field = {semantics; general_linguistics; syntax; morphology; phonetics; phonology; typology},
  wals_code  = {jpn}
}
@book{Minna-1998,
  address    = {Tokyo},
  author     = {{3A Corporation}},
  publisher  = {{3A Corporation}},
  series     = {Minna no Nihongo},
  title      = {Minna no Nihongo I: Translation \& Grammatical Notes},
  volumne    = {1},
  year       = {1998},
  isbn       = {4-88319-107-9},
}